@InProceedings{ barbier2006,
	title = "ProCoSA: a software package for autonomous system supervision",
	booktitle = "Workshop on Control Architectures of Robots (CAR)",
	author = "Magali Barbier and Jean-Fran\c{c}ois Gagard and Dominique Vizcaino and Olivier Bonnet-Torr{\`e}s",
	location = "Montpellier, France",
	year = "2006"
}

@InProceedings{ dabe2006,
	title = "Goal Driven Planning and Adaptivity for AUVs",
	booktitle = "Workshop on Control Architectures of Robots (CAR)",
	author = "Fr{\'e}d{\'e}ric Dabe and Herv{\'e} Ayreault and Magali Barbier and St{\'e}phane Nicolas",
	location = "Montpellier, France",
	year = "2006"
}

